@article{chandler_2020, 
    title={How Smart Cities Are Protecting Against Coronavirus But Threatening Privacy}, 
    url={https://www.forbes.com/sites/simonchandler/2020/04/13/how-smart-cities-are-protecting-against-coronavirus-but-threatening-privacy/#2095304e1cc3}, 
    journal={Forbes}, 
    publisher={Forbes Magazine}, 
    author={Chandler, Simon}, 
    year={2020}, 
    month={Apr}
}

@article{unitednations, 
    title={Sustainable Development Goals: Sustainable Development Knowledge Platform}, 
    url={https://sustainabledevelopment.un.org/?menu=1300}, 
    journal={United Nations}, 
    publisher={United Nations}
}

@article{gazette_2020, 
    title={Could your cellphone data be used to enforce stay-at-home orders?}, 
    url={https://www.post-gazette.com/business/tech-news/2020/04/12/privacy-surveillance-cellphone-location-tracking-data-Google-Unacast-coronavirus/stories/202004090143}, 
    journal={Gazette}, 
    year={2020}, 
    month={Apr}
}

@article{DefiningSmartCities,
    author = {Mohanty, Saraju},
    year = {2016},
    month = {07},
    pages = {60-70},
    title = {Everything You Wanted to Know About Smart Cities},
    volume = {5},
    journal = {IEEE Consumer Electronics Magazine},
    doi = {10.1109/MCE.2016.2556879}
}

@article{GotTP,
    title={Got-Toilet-Paper.org},
    url={https://got-toilet-paper.org/},
    journal={Pitt Smart Living Lab}
}

@article{das_james_2020, 
    title={How to use smart city technology to measure social distancing}, 
    year={2020},
    month={04},
    url={https://techxplore.com/news/2020-04-smart-city-technology-social-distancing.html}, 
    journal={Tech Xplore - Technology and Engineering news}, 
    publisher={Tech Xplore}, author={Das, Ronnie and James, Philip}
}